@misc{Voogsgerd,
    title = {A test title},
    url = {https://latex.vgsg.nl/},
    journal = {A LaTeX class},
    author = {Voogsgerd, Daniel},
}
